@MANUAL{GMS1994,
author = {M. Goossens and F. Mittelbach and A. Samarin},
title = {The {\LaTeX} companion},
publisher = {Addison-Wesley},
address = {New-York},
year = {1994}
}

@MANUAL{Spivak1990,
author = {M. D. Spivak},
title = {The Joy of {\TeX}},
publisher = {Amer. Math. Soc.},
edition = {second},
address = {Providence},
year = {1990}
}

@MANUAL{Lamport1986,
author = {L. Lamport},
title = {{\LaTeX} -- A Document Preparation System},
publisher = {Addison-Wesley},
address = {Reading},
year = {1986}
}

@ARTICLE{Cardy1992,
author = {J. Cardy},
title = {Critical {P}ercolation in {F}inite {G}eometries},
journal = {Journal of Physics A: Mathematical and General},
volume = {25},
number = {4},
year = {1992},
pages = { L201--L206},
eprint = {\href{http://arxiv.org/abs/hep-th/9111026}{\small\tt arXiv:hep-th/9111026}}
}

@ARTICLE{Martin1992,
author = {P.P. Martin},
title ={On {S}chur-{W}eyl duality, ${A}_n$ {H}ecke algebras and quantum $\mathfrak{sl}({N})$ on $\otimes^{n+1}\mathbb{C}^{N}$},
journal = { Int. J. Mod. Phys. A},
volume = {7},
year = {1992},
pages = {645--673}
}

@phdthesis{hastie2005,
  title={Towards automatic reversible jump Markov chain Monte Carlo},
    author={Hastie, David},
      year={2005},
        school={University of Bristol}
}
