@inproceedings{callaway03,
Address = {San Francisco},
Author = {Callaway, Charles B.},
Booktitle = {IJCAI'03: Proceedings of the 18th international joint conference on Artificial intelligence},
Pages = {811--816},
Publisher = {Morgan Kaufmann Publishers Inc.},
Title = {Evaluating coverage for large symbolic NLG grammars},
Year = {2003}}