@article{cawsey00,
Author = {Cawsey, A.J. and Jones, R.B. and Pearson, J.},
Journal = {User Modeling and User-Adapted Interaction},
Number = {1},
Pages = {47--72},
Title = {The Evaluation of a Personalised Health Information System for Patients with Cancer},
Volume = {10},
Year = {2000}}