@inproceedings{lareau18,
Address = {Miyazaki},
Author = {Lareau, Fran{\c{c}}ois and Lambrey, Florie and Dubinskaite, Ieva and Galarreta-Piquette, Daniel and Nejat, Maryam},
Booktitle = {Proceedings of 11th edition of the Language Resources and Evaluation Conference (LREC)},
Title = {GenDR: A Generic Deep Realizer with Complex Lexicalization},
Year = {2018}}